2744 5160
396 806 479 878 Du
519 806 841 879 Aurrrosrs
879 806 963 879 Au
1002 893 1013 918 ·

538 1006 748 1045 STUDENDUM
773 1007 809 1045 ln

265 1146 1084 1261 ururroruucn

197 1336 529 1479 UNUSQJISQUE
551 1342 676 1401 admissus
697 1344 788 1421 quiete
806 1356 835 1402 et
856 1356 887 1401 ut
907 1343 1056 1403 modestum
1069 1340 1161 1409 decet,

288 1440 414 1520 segent,
435 1461 484 1499 nec
498 1441 613 1499 moleslis
624 1442 864 1509 ambulationibus,
883 1458 931 1501 aut
943 1443 1068 1521 improba
1077 1465 1161 1505 cano·

192 1560 256 1602 nve
276 1540 421 1619 garulitate
441 1554 552 1599 caetcros
574 1542 734 1600 interturbet
755 1556 802 1601 aut
819 1544 951 1610 offendat,
971 1544 1057 1603 immo
1069 1546 1163 1623 potius

192 1640 349 1719 studiioipse
359 1640 498 1699 incumbat
508 1640 557 1699 l'ub
566 1641 687 1711 silenti03
708 1641 893 1719 superLibros
903 1643 1003 1702 cubitis
1012 1643 1163 1703 brachiisve
1275 1722 1279 1729 ι

194 1760 250 1798 non
262 1741 385 1807 reclinet,
405 1738 451 1800 sed
465 1741 555 1799 Notos
568 1742 752 1819 Cbnrtamque
764 1742 947 1819 exceptorium
961 1743 1038 1821 super
1052 1744 1162 1802 Pluteor

194 1838 266 1917 ipsos
286 1838 399 1897 omnino
423 1855 545 1917 reponet,
565 1854 674 1917 apertos
692 1861 747 1899 non
764 1840 897 1908 dimittet,
918 1841 964 1899 sed
977 1842 1044 1901 locie
1058 1842 1162 1901 ordini·

193 1936 295 2016 busque
314 1938 430 2015 propriis
450 1939 516 2013 (sine
534 1938 610 1997 omni
624 1940 730 1997 morosa
741 1941 906 1998 Catenarum
920 1941 1105 2017 intricatione)
1120 1962 1163 2001 re-

192 2051 293 2117 ponet;
314 2038 411 2096 Libros
424 2036 506 2095 etiarn
518 2052 699 2114 caeterumque
712 2038 858 2115 cultumsic
872 2040 1008 2109 tradabit,
1028 2056 1059 2099 ut
1071 2042 1163 2119 super·

192 2138 243 2198 esse
255 2158 337 2217 qoam
348 2136 493 2197 diutissime
505 2137 613 2215 possint.

231 2335 424 2415 Unusquisque
437 2334 625 2395 Studiosorum
638 2336 754 2415 denique
766 2298 969 2399 naturis'Horis
982 2340 1016 2400 nd
1030 2339 1162 2417 (sonitum

192 2438 353 2515 Campanae,
380 2436 450 2495 Ostii
472 2436 695 2496 verberationem
719 2437 763 2499 vel
784 2436 871 2512 aliud)
895 2438 1009 2519 Signum
1033 2442 1161 2503 usitatum

190 2537 321 2597 discedat.

530 2684 536 2693 ·
633 2658 717 2717 1680.

233 2862 319 2921 Horae
331 2860 445 2919 Statutae
457 2856 499 2916 hae
511 2856 573 2916 sunt
586 2878 646 2935 quae
659 2855 814 2935 sequuntur.
854 2856 1002 2917 Matutine
1015 2862 1029 2918 i
1045 2859 1160 2920 secunda

192 2960 338 3040 incipiunt,
368 2958 474 3039 Quinta
494 2958 630 3024 desinunt,
662 2956 785 3014 Dorante
807 2956 924 3026 AEllnre3
953 2958 1084 3034 Hyberna
1096 2980 1162 3019 vero

194 3062 270 3120 Anni
292 3061 382 3123 Parte,
402 3057 547 3117 Maturinis
568 3061 584 3113 Ξι
606 3055 701 3113 Tertia
721 3054 803 3134 usque
824 3057 858 3114 nd
877 3059 999 3128 Sextam,
1020 3061 1162 3120 Postmeri-

193 3160 280 3219 dinnie
292 3180 308 3218 a
321 3157 442 3235 Septima
454 3158 489 3215 ad
503 3156 646 3214 Decimam
660 3154 738 3213 Licet
750 3156 872 3215 Studere.

232 3357 414 3437 Excipiuntur
442 3374 458 3415 e
482 3355 587 3414 Diebus
609 3354 707 3433 quibus
727 3356 905 3415 consulantur
924 3356 1013 3426 Libri,
1044 3358 1161 3428 Omnes,

193 3459 296 3517 Sanstie
318 3456 422 3517 Dicati.
462 3456 567 3516 Diebus
587 3455 664 3532 Jovis
677 3468 706 3514 et
719 3456 827 3514 Saturni
839 3456 976 3516 clauditur
989 3456 1161 3517 Bibliotheca

194 3560 253 3637 post
272 3558 428 3617 Meridiem.
468 3556 564 3624 Porro,
583 3555 664 3614 Festis
677 3554 874 3613 Incamarionir
888 3556 974 3613 Dom.
990 3554 1082 3615 Nostri
1095 3557 1160 3631 Jeso

194 3658 305 3726 Christi,
324 3672 353 3717 et
374 3657 551 3724 Pentecosten,
577 3654 746 3734 longioribus
766 3653 852 3721 seriis,
881 3652 918 3713 l'c.
938 3667 1056 3732 quatuor
1077 3654 1159 3733 septi-

195 3758 292 3826 manis,
311 3756 351 3816 sui
360 3756 428 3837 jurio
440 3756 490 3815 esse
499 3756 599 3835 gaudet
612 3754 791 3814 Bibliothecae
802 3753 911 3814 Custos.
981 3765 984 3769 '

655 3958 739 4035 1789.
