2744 5160
497 480 848 542 PRAEFATIO.
1125 478 1156 538 xi

190 680 214 712 ⁸¹
235 670 287 739 dis,
310 668 477 748 pcrhciendls
494 672 679 747 adjumentum
703 672 835 739 afferunt3
862 666 1002 745 omnisque
1023 687 1058 725 ex
1083 666 1157 725 hisce

193 781 216 809 “
237 772 299 830 sane
326 770 448 841 sontibus
474 770 619 828 haurienda
643 772 679 828 ell
703 777 738 827 rei
761 769 878 826 libraria·
900 775 1006 836 noritia;
1026 769 1155 844 quami

99 930 101 935 Α
193 881 215 906 “
237 872 329 928 nostris
344 870 424 927 nimis
434 871 480 927 etsi
496 873 655 948 neglectam,
665 871 736 928 baud
747 871 775 927 in
788 869 882 927 infimo
896 885 984 927 tamen
998 868 1158 927 eruditionis

191 981 215 1007 ⁴⁴
236 971 333 1049 gradu⁴
353 971 507 1047 ponendam
530 969 661 1027 arbitror:
683 974 751 1044 scire
771 977 836 1026 enim
863 973 905 1043 (ut
927 970 1023 1026 dodlus
1045 967 1157 1046 quidam

192 1080 215 1106 ‘⁸
237 1070 354 1136 monuit,
365 1074 406 1144 sc.
420 1067 551 1136 Scrtltetut,
561 1068 632 1127 desit.
645 1071 762 1147 Evang.)
783 1068 829 1125 ubi
837 1067 937 1147 aliquid
949 1067 1020 1144 pofflr
1031 1074 1159 1135 invenire,

194 1178 217 1206 “
239 1193 330 1248 magna
335 1185 397 1244 pars
407 1171 548 1226 erudin'om's
557 1171 616 1244 est.”
656 1170 726 1248 Qrae
740 1169 848 1245 quidem
859 1167 938 1225 verba
950 1168 1012 1226 ideo
1022 1182 1159 1225 mutuatus

195 1269 266 1337 sum,
290 1291 344 1327 non
357 1271 445 1335 soltim
457 1283 498 1336 ut,
518 1269 658 1347 quodtam
681 1268 797 1330 feliciter
816 1266 960 1326 delineavit
979 1269 1082 1332 audior,
1096 1286 1159 1343 pro·

196 1368 262 1446 priis
276 1368 355 1446 ipsius
365 1370 452 1428 verbis
464 1383 613 1445 appareret,
627 1367 671 1426 sed
686 1383 714 1426 ut
727 1368 825 1431 exinde
836 1369 1004 1426 occasionem
1017 1368 1160 1446 arriperem

192 1469 357 1544 exponendi,
368 1469 421 1546 qut
431 1469 465 1526 de
476 1468 571 1534 causi,
582 1468 739 1525 temeritatis
748 1468 848 1526 invidial
857 1469 989 1547 negleslal,
1001 1469 1160 1527 methodum

193 1567 281 1634 illam,
294 1590 355 1646 quae
370 1569 435 1626 mihi
451 1586 540 1625 tamen
552 1568 630 1625 valde
644 1567 788 1634 arridebat,
802 1568 835 1625 ad
847 1589 940 1645 quarn,
950 1584 1021 1626 utex
1034 1563 1161 1646 praedisll

193 1668 373 1744 descriptione
399 1669 513 1746 colligo,
542 1667 719 1725 Bibliothecae
742 1668 835 1725 noslrae
856 1666 984 1748 Catalogi
1010 1665 1068 1724 bini
1095 1666 1161 1724 Mlli

195 1765 305 1824 formati
319 1767 380 1825 sunt
401 1767 484 1843 (idem
507 1767 580 1825 enirn
603 1769 680 1826 Ordo
694 1767 834 1836 Claslicus,
854 1768 928 1825 idem
951 1766 1159 1844 Alphabeticus)

194 1869 305 1925 eandem
321 1868 349 1924 in
368 1867 505 1946 Catalogo
528 1874 589 1942 typis
603 1869 742 1924 mandando
755 1868 855 1925 nollem
878 1867 910 1924 ed
932 1865 1061 1945 religione
1075 1864 1161 1942 sequi,

194 1987 276 2044 quam
290 1965 361 2023 illius
376 1965 441 2022 clari
451 1966 558 2041 Capitis
572 1965 714 2024 auctoritas
726 1965 991 2042 poscerevideretur:
1012 1965 1163 2044 quibusque

194 2066 281 2124 vislus
309 2064 458 2122 rationibus
472 2065 553 2130 hanc,
576 2065 704 2140 adquam
717 2065 830 2140 praesens
842 2068 993 2143 Catalogus
1006 2065 1162 2134 conficitur,

196 2166 305 2223 mallem
316 2164 452 2242 amplecti.
495 2164 601 2231 Paucis,
611 2165 696 2222 leslor
709 2163 851 2231 benevole,
871 2185 914 2222 eas
927 2166 1030 2242 accipe,

235 2365 268 2422 In
282 2363 452 2422 bibliotheca
479 2365 554 2440 cujus
568 2362 653 2421 indies
667 2363 761 2422 crescit
774 2362 906 2423 librorum
926 2363 1017 2441 copia,
1038 2364 1093 2422 fieri
1108 2385 1163 2423 non

195 2467 292 2543 potell,
313 2479 343 2520 ut
356 2467 431 2521 locus
444 2480 530 2521 certus
543 2463 686 2541 unicuique
700 2464 834 2523 volumini
847 2466 890 2522 vel
905 2463 1073 2522 voluminum
1088 2464 1164 2523 seriei

195 2565 348 2642 affignetur,
369 2564 453 2621 immo
465 2563 533 2640 sape
544 2564 645 2631 evenit,
660 2579 690 2621 ut
703 2567 853 2622 cancellum
866 2565 1040 2623 facultatibus
1053 2566 1163 2644 singulis

96 2682 100 2687 ·
195 2661 369 2728 attributum,
387 2662 547 2720 transvolare
562 2665 593 2721 srt
606 2665 724 2722 necesse:
747 2664 791 2722 hic
806 2666 907 2724 scilicet
920 2667 988 2725 liber
1009 2667 1073 2726 buic
1087 2668 1163 2734 loco,

196 2759 301 2827 velilli,
323 2760 417 2818 melitis
432 2761 519 2818 sorsan
530 2779 679 2839 competat,
700 2767 780 2841 qulam
793 2766 1045 2842 prasensposseffor.
1087 2769 1162 2824 Hinc

197 2861 241 2929 lit,
262 2874 292 2918 ut
306 2861 384 2918 causa
396 2862 499 2919 oriatur
510 2861 621 2929 librum,
632 2863 676 2921 seu
690 2863 784 2928 libros,
805 2865 839 2923 de
850 2865 943 2924 ordine
957 2866 1005 2924 suo
1017 2865 1165 2942 aliquandi).

196 2962 370 3029 deturbandi,
391 2962 419 3019 in
437 2963 575 3039 aliumque
597 2963 689 3021 locum
714 2966 907 3034 transferendi;
927 2987 1009 3044 quam
1031 2965 1163 3023 mutatio·

197 3083 272 3128 nem,
285 3062 333 3120 etsr
347 3061 490 3140 Catalogis
503 3062 592 3128 Mllis,
613 3063 659 3139 qui
679 3063 707 3120 in
723 3065 899 3123 Bibliothecae
913 3067 988 3124 usum
1007 3066 1096 3124 adhuc
1110 3065 1162 3123 ser·

196 3177 304 3229 vantur,
325 3161 417 3218 sedulb
431 3179 564 3227 notatam,
577 3161 603 3218 in
616 3164 717 3222 excuhs
731 3181 823 3222 notare
834 3185 889 3221 non
904 3166 1047 3240 possumus.
1090 3165 1162 3223 Perit

196 3261 283 3342 igitur
307 3261 465 3318 excusorum
492 3262 673 3338 possessoribus
691 3263 778 3321 omnis
799 3263 885 3340 gratia
907 3265 1019 3321 Ordinis
1042 3265 1163 3334 Claffici,

197 3380 282 3439 quum
296 3358 324 3416 in
337 3359 370 3416 iis
397 3358 492 3419 servari
514 3361 617 3439 nequit.
659 3363 752 3429 Porrb,
781 3363 978 3421 Bibliothecam
999 3365 1162 3432 consulenti,

197 3463 281 3538 quam
295 3460 460 3540 Catalogum
471 3461 584 3540 legenti,
598 3461 710 3519 interior
723 3465 779 3539 ejus
790 3463 858 3520 ordo
869 3464 904 3519 est
914 3464 1024 3532 utilior,
1046 3462 1163 3540 ideoque

200 3559 405 3619 bibliothecarii
430 3562 514 3638 magis
540 3563 623 3638 quarn
650 3562 776 3628 aliorum,
804 3563 921 3628 iuterell,
942 3582 1025 3637 quum
1045 3564 1101 3638 ejus
1125 3583 1165 3621 res

198 3657 280 3717 solius
290 3674 396 3736 agatur,
417 3675 447 3716 ut
460 3680 520 3717 eum
534 3659 651 3736 penitius
665 3661 712 3717 srbi
724 3663 865 3739 cognitum
880 3661 986 3719 habeat.
1028 3661 1164 3720 Litcrato-

197 3778 259 3817 rum
280 3758 364 3837 igitur
385 3758 509 3825 utilitati,
529 3759 626 3836 quibus
650 3760 679 3816 in
704 3760 771 3816 locis
784 3761 876 3819 diffitis
889 3759 1072 3818 babitantibus
1096 3781 1163 3828 non,

199 3856 248 3914 nist
263 3877 309 3933 per
330 3856 419 3915 literas
438 3858 601 3915 consulenda
614 3860 648 3915 ett
663 3858 832 3917 llibliotheca
846 3862 942 3925 nostra,
963 3859 1111 3937 quibusque
1131 3861 1163 3917 ei

199 3958 233 4016 de
250 3956 330 4016 camd
349 3956 487 4016 studiosas
499 3971 556 4016 erat
566 3956 772 4026 consulendum,
792 3955 1008 4036 mepotiffimtlm
1023 3957 1164 4015 inservito.

1102 4076 1163 4125 rum
