2744 5160
222 559 476 574 ,,.......-----
481 557 640 566 --.-.--.
647 555 848 565 .--.-.--.
853 556 889 562 ..-.
895 554 960 561 -.μ
965 550 1124 564 ...κ-...η

264 744 542 823 TITULI
604 743 1080 823 GENERALES.

529 927 819 938 w

471 1008 890 1115 annornm,

192 1279 422 1338 SCRIPTURA
443 1280 583 1340 SACRA.

269 1400 360 1459 Biblia
380 1401 539 1480 Polyglotta

269 1499 359 1557 Biblia
386 1501 533 1569 Hebraica,
546 1500 665 1578 Syriaca,
678 1501 844 1580 aliarumque
868 1502 1036 1582 Lingnsrnm

308 1598 490 1658 Orientalium
500 1600 642 1677 separatim
655 1600 740 1670 edita,
753 1602 889 1662 Eorumve
900 1602 989 1663 Partes

269 1696 360 1756 Biblia
372 1700 484 1768 Graeca;
504 1719 634 1759 eorumve
645 1702 739 1761 Partes

272 1798 363 1856 Bibba
375 1799 473 1856 Latina
483 1824 492 1869 ;
512 1819 641 1860 eorumve
653 1802 745 1861 Partes

272 1918 363 1977 Biblia
382 1917 411 1975 in
433 1918 554 1999 Linguas
578 1923 701 2000 vulgares
715 1924 852 1994 transsata,
881 1925 918 1984 sc.
1024 1940 1030 1953 ‘

312 2016 490 2094 Germanica,
522 2018 683 2096 Hispanica,
711 2023 846 2101 Anglica;
873 2043 920 2081 eo·

311 2137 406 2175 rumve
420 2118 512 2182 Partes

273 2217 389 2275 Novum
402 2218 605 2276 Testamentum
618 2217 698 2276 variis
711 2218 826 2299 Linguis
838 2218 944 2301 editum

275 2317 381 2395 Scripta
395 2318 561 2395 Apocrypha
1145 2343 1165 2401 9

275 2418 498 2487 Concordantiae,
517 2417 635 2488 Indices,
646 2418 759 2488 lanies,
780 2425 832 2480 &n
844 2418 995 2479 Bibliornm
1133 2439 1167 2487 ιι

201 2560 423 2623 BIBLIORUM
441 2561 730 2621 INTERPRETES.

278 2682 427 2760 Scriptores
448 2682 609 2765 de-Tcxtu,
632 2683 810 2742 Verfinnibus
831 2698 862 2742 et
887 2686 1002 2744 Canone
1023 2689 1053 2745 S.

320 2781 465 2857 Scripturae
1136 2807 1172 2864 14

278 2882 531 2947 Commentatores,
545 2885 597 2938 icc·
620 2880 650 2941 in
660 2881 794 2946 Universa
807 2880 896 2942 Biblia
909 2882 1016 2942 Veteris
1028 2899 1057 2943 et

318 2977 396 3038 Novi
410 2979 588 3048 Testamenti,
601 2995 629 3038 et
642 2980 670 3038 in
683 2980 820 3060 utriusque
832 2984 921 3041 Partes
1134 2993 1169 3046 rt

279 3082 518 3138 Commentatorcs
529 3079 557 3137 in
568 3094 644 3138 vetus
653 3082 855 3140 Testamentum
863 3097 891 3139 et
903 3082 991 3139 Partes
1003 3084 1060 3161 ejus
1133 3105 1148 3145 2
1152 3107 1170 3163 3

278 3183 516 3238 Commentatores
529 3179 556 3237 in
565 3200 666 3239 novum
676 3181 878 3240 Testamentum
889 3196 917 3239 et
929 3182 1018 3241 Partes
1028 3184 1085 3259 ejus
1131 3189 1170 3261 38

279 3279 429 3357 Scriptores
442 3280 476 3337 de
489 3279 622 3339 Rabbinis
634 3295 663 3340 et
674 3281 798 3340 Cabbala
1133 3305 1168 3364 51

282 3379 360 3438 Libri
372 3379 518 3438 Rabbinici
530 3405 540 3449 ς
560 3380 614 3440 viz.
1135 3405 1172 3464 52

317 3478 406 3555 Judaei
416 3480 463 3557 qui
474 3483 507 3540 de
518 3479 594 3538 rebus
605 3479 747 3538 Hebraicis
757 3480 932 3558 scripserunt3

339 3579 552 3638 Christianorum
588 3581 732 3639 Trabatus
764 3582 799 3640 de
836 3582 928 3640 Rebus
1137 3597 1173 3658 55

339 3679 495 3748 Hebraicis,
515 3679 755 3747 Mohammedicis,
776 3687 828 3738 ὅτε.

207 3804 263 3862 SS.
273 3801 422 3860 PATRES
436 3820 476 3857 nr
491 3801 733 3860 SCRIPTORES
745 3801 1051 3861 ECCLESIASTICI.

284 3924 302 3983 S
315 3923 343 3985 S.
358 3923 447 3983 Patres
458 3922 551 3982 Graeci

997 4021 1015 4078 S
1037 4019 1065 4082 S.
1087 4018 1178 4084 Pieres
