2744 5160
758 411 761 419 ,
951 418 953 422 ,
1281 398 1290 415 e

203 991 232 1031 ι.
523 952 878 1037 onerario.

202 1173 303 1236 quanta
316 1179 380 1218 cura
391 1160 532 1238 capienda,
552 1179 695 1242 antequam
711 1166 745 1222 ad
758 1163 946 1243 cognitionem
956 1163 1032 1222 illam
1047 1161 1093 1220 diu
1105 1158 1173 1218 den.

202 1257 324 1317 deratam
335 1260 465 1338 attingas,
483 1278 512 1320 et
529 1267 612 1340 quim
635 1265 788 1342 frequenter
810 1266 887 1323 labor
900 1265 989 1323 omnis
1012 1262 1176 1342 inquirentis

202 1358 424 1418 omniuoeffusus
437 1360 520 1437 perit!
543 1363 656 1420 Nemini
676 1342 761 1442 igitui
773 1364 993 1432 admirationem,
1014 1384 1063 1421 nec
1077 1365 1174 1420 stoma·

201 1457 285 1516 chum
299 1474 419 1528 moveat,
437 1462 512 1538 quod
526 1463 606 1520 multi
619 1462 757 1540 iidemque
769 1463 860 1542 magni
876 1465 993 1522 nominis
1005 1464 1033 1520 in
1045 1483 1071 1520 re
1083 1461 1174 1518 litera-

201 1556 243 1620 riu
254 1557 318 1627 viri,
333 1558 436 1618 hancce
446 1561 618 1620 iradiaverint
629 1563 781 1631 materiam,
801 1564 990 1622 difficultatem
1003 1562 1177 1642 agnoverint,

202 1657 350 1719 utilitatem
361 1660 564 1720 celebraverint.

239 1857 332 1917 Restat
341 1860 411 1936 jam,
432 1874 462 1918 ut
476 1859 605 1940 Catalogi
619 1861 699 1920 nostri
723 1861 855 1919 rationem
880 1860 998 1918 breviter
1023 1877 1171 1935 exponam.

201 1957 344 2024 Confecit,
358 1960 424 2017 dum
438 1960 540 2018 librarii
553 1960 664 2037 hujusce
685 1961 801 2017 muneris
816 1960 956 2017 Praefeeius
977 1959 1110 2023 extiterit,
1131 1958 1174 2015 vir

199 2058 264 2117 sane
305 2078 443 2136 nunquam
482 2058 580 2136 absque
613 2059 693 2117 laude
725 2060 917 2125 nominandus,
959 2058 1171 2114 ROBERTUS

201 2158 360 2226 THYER,
379 2160 424 2216 cui
447 2159 583 2216 Miltonus
607 2159 724 2216 multum
747 2157 856 2216 luminis
878 2159 906 2215 in
924 2172 1049 2233 poemata
1064 2156 1109 2213 sua
1123 2158 1176 2212 im·

133 2336 136 2341 Ι
201 2257 329 2316 mortalia
349 2258 424 2314 affusi
438 2257 530 2324 debet,
544 2274 572 2315 et
586 2256 756 2317 Bibliotheca
776 2259 981 2316 Cherhamenfis
1003 2257 1076 2315 suam
1099 2261 1176 2334 pane

201 2369 290 2415 totam
310 2355 440 2414 librorum
460 2357 562 2415 lautam
586 2357 761 2434 seledamque
785 2358 903 2435 Copiam
928 2366 1025 2435 (neque
1045 2359 1117 2416 eninr
1130 2357 1176 2414 sul

201 2457 283 2516 laude
306 2457 469 2515 fraudandus
492 2461 528 2516 est
550 2458 748 2534 spellatiffimus
762 2459 814 2517 Vir
838 2460 1047 2515 ROBERTUS
1078 2458 1176 2514 REN-

208 2559 309 2625 YON,
330 2564 367 2616 A.
389 2558 432 2616 M.
464 2557 571 2637 Collrgr'i
594 2562 776 2634 AErreanoserfis
804 2558 860 2614 olim
885 2560 978 2625 Secr'rrr,
1003 2561 1053 2632 post
1081 2555 1179 2631 brq‘rrie
1265 2575 1267 2578 ·

201 2657 362 2715 Bibliothecae
373 2675 397 2715 et
411 2660 550 2737 Praescelar
569 2675 593 2716 et
613 2661 733 2726 Curatur,
754 2661 800 2735 qui
815 2658 999 2720 libroruur,ad
1015 2658 1180 2714 Naturalem

202 2757 364 2824 Historiam,
391 2758 568 2824 Car-laturam,
589 2765 640 2815 dcc.
661 2758 854 2833 pertinentium
876 2759 956 2835 eopia
975 2758 1049 2836 largi
1072 2757 1176 2815 Biblio-

200 2857 309 2916 thecam
320 2857 523 2932 locupletavit),
536 2857 657 2915 coniecit
667 2858 789 2932 inquam,
803 2857 881 2914 binos
894 2859 1044 2934 Catalogot
1055 2859 1088 2914 ad
1101 2875 1177 2913 men-

202 2971 271 3023 tem,
285 2971 316 3013 ut
326 2956 443 3022 videtur,
458 2957 626 3014 Middletoni
637 2959 810 3023 construclos,
824 2957 871 3033 qui
882 2957 969 3014 ideam
981 2957 1053 3013 suam
1066 2956 1177 3032 perfelti

202 3055 333 3133 catalogi
347 3055 388 3112 his
402 3056 489 3113 verbis
501 3055 639 3134 depingit;
660 3066 681 3091 ‘⁶
697 3056 827 3134 Catalogi
838 3055 1005 3113 construendi
1016 3055 1177 3111 methodum

203 3166 226 3194 “
245 3155 438 3234 quodattinct,
459 3159 527 3213 Ordo
540 3158 670 3214 Librorum
682 3154 800 3226 clafficnr,
820 3156 1001 3234 Authorumqac
1010 3154 1178 3230 alphabeticus

203 3266 227 3309 t‘
248 3255 315 3314 milri
328 3257 412 3334 lenge
433 3257 639 3314 commodiffirni
650 3257 795 3325 ridentur,
816 3257 849 3312 ad
859 3261 967 3331 perferri
978 3258 1041 3312 vero
1056 3255 1179 3330 Caralogr'

203 3366 226 3394 “
247 3358 471 3415 constructionem
484 3357 598 3414 ambobus
611 3360 683 3414 tend
697 3355 848 3434 conjunssir
858 3376 926 3431 opus
936 3357 988 3412 est:
1004 3355 1053 3412 illo
1062 3354 1178 3421 scilicet,

204 3467 225 3493 “
248 3471 279 3514 ut
293 3457 393 3522 usibus,
414 3478 482 3532 quos
497 3457 571 3533 supra
586 3456 678 3534 attigi,
699 3455 842 3522 inserviat;
863 3454 928 3521 boc,
959 3470 987 3511 ut
1002 3453 1074 3521 libri,
1095 3475 1176 3531 quern

204 3567 227 3593 ⁴⁸
248 3557 404 3634 quaerimus,
424 3557 552 3622 Clallcm,
582 3557 741 3632 Locumque
766 3555 948 3621 demonstret,
980 3556 1009 3608 in
1034 3574 1089 3630 quo
1114 3553 1176 3609 usus

205 3659 305 3733 “ejus
326 3658 461 3732 praecipue
485 3657 622 3714 consistere
641 3657 762 3713 videtur:
786 3656 847 3719 illo,
862 3655 985 3731 inquam,
1012 3669 1041 3710 ut
1056 3653 1176 3720 illustris,

204 3766 227 3793 ‘⁸
249 3755 427 3832 perfecteque
452 3755 627 3812 Bibliotheeae
653 3755 770 3833 eleganti
796 3754 901 3811 Ordine
926 3753 1061 3828 disposita*
1085 3753 1175 3810 ideam

205 3869 227 3895 “
248 3858 388 3934 pulchram
407 3856 550 3923 exhibeam
580 3857 645 3920 hoc,
674 3869 703 3911 ut
731 3856 823 3910 Indicis
844 3854 885 3910 illi
912 3853 1032 3910 osticium
1059 3854 1173 3927 prestet.

207 3968 230 3995 “
252 3956 420 4033 Hujusmodi
443 3956 527 4034 igitur
549 3955 687 4031 duplicem
702 3952 849 4030 Catalogum
874 3973 928 4010 non
950 3953 1063 4010 describi
1080 3952 1176 4017 modo,

206 4067 228 4094 “
250 4057 294 4115 sed
306 4057 332 4113 in
347 4056 456 4132 publica
467 4057 603 4112 literarum
615 4054 760 4112 commoda
770 4055 843 4128 ἦρι)
853 4060 928 4110 etr'rrm
940 4057 1057 4109 ruarrdara'
1066 4055 1176 4116 rellem,

206 4167 229 4195 ⁸⁸
251 4172 282 4214 ut
295 4155 505 4231 locupletissimae
517 4154 694 4212 Bibliothecae
705 4153 805 4212 liutius
819 4173 880 4210 cum
895 4151 958 4209 viris
967 4155 1090 4208 omnium
1110 4171 1177 4228 gen-

207 4245 236 4293 “’
252 4256 320 4313 tium
334 4255 445 4312 eruditis
459 4254 573 4312 candide
585 4269 612 4310 et
627 4253 743 4332 ingenue
758 4252 1009 4310 communicemus:
1031 4252 1176 4329 insignium

207 4365 228 4392 ‘⁸
250 4355 324 4411 enim
348 4355 546 4431 catalogorum
559 4354 693 4410 editiones
719 4353 867 4410 inaximum
894 4352 962 4410 Orbi
978 4353 1086 4410 literato
1100 4373 1176 4410 emo-

208 4465 228 4491 ‘⁸
250 4455 413 4520 lomentum,
434 4453 582 4512 maximum
594 4453 729 4511 literarum
743 4451 834 4512 lluriiis
847 4452 1002 4520 incitandis,
1014 4473 1177 4531 promoven-

1090 4565 1112 4588 “
1134 4554 1176 4610 dis
