2744 5160
192 643 875 659 mma—nm—
881 646 909 653 -—-
913 647 1119 668 *Quo--

306 829 976 909 PRAEFATIO.

193 1032 481 1127 L‘ECTORI
528 1034 951 1121 Pultouluco,
996 1036 1087 1097 S.D.

224 1208 289 1266 UM
310 1222 427 1286 quatuor
439 1207 537 1267 abhinc
557 1208 633 1266 annis
647 1207 713 1266 mihi
726 1209 888 1267 demandata
900 1210 963 1268 esset
977 1210 1123 1271 Provincia

244 1308 521 1366 BlBLIOTHECAE
534 1309 853 1366 CHETHAMENSIS
867 1311 939 1387 apud
952 1311 1119 1370 MANCU.

154 1405 322 1465 NIENSES
343 1407 536 1476 custodienda,
556 1407 659 1485 placuit
679 1407 742 1467 sane
761 1409 941 1467 Curatoribus
953 1409 1124 1470 nobililiimis

152 1505 408 1586 spectatiffimisque,
429 1524 459 1565 ur
482 1506 582 1574 Libris,
602 1506 649 1585 qui
659 1522 771 1585 propter
790 1507 934 1584 plurimam
948 1529 995 1584 per
1007 1529 1123 1586 nuperos

152 1627 238 1667 annos
260 1607 433 1665 accessionem
456 1607 485 1665 in
503 1606 645 1686 Catalogia
657 1628 713 1665 non
727 1606 949 1676 describerentur,
970 1608 1123 1686 descriptis,

150 1722 181 1765 et
202 1708 251 1786 qui
271 1728 305 1765 cx
325 1707 473 1786 legentium
496 1707 601 1765 incurii
625 1709 708 1787 longe
730 1708 947 1776 distraherentur,
968 1709 1002 1767 ad
1015 1708 1121 1767 sorulos

150 1807 214 1866 suos
226 1807 349 1875 redatlis,
369 1809 457 1865 statim
471 1807 505 1865 ad
518 1827 620 1866 novum
634 1808 779 1866 Librorum
793 1809 960 1887 Catalogum
970 1807 1119 1867 conficien-

148 1908 216 1965 dum
240 1928 283 1965 me
305 1909 486 1984 accingerem,
505 1927 586 1984 quem
608 1922 637 1964 ut
659 1908 762 1983 publici
782 1908 844 1966 essct
855 1909 934 1984 juria,
954 1908 1027 1985 typis
1040 1909 1118 1968 ovul·

148 2006 208 2086 gari
228 2006 366 2066 volebant.
407 2007 508 2063 Manus
529 2006 613 2063 vistai
627 2010 739 2073 temere,
764 2007 906 2074 consrtoor,
925 2008 1000 2075 dedi,
1020 2028 1116 2067 eorum

148 2106 310 2176 voluntatis,
329 2107 413 2186 quim
434 2104 532 2164 virium
547 2124 678 2171 mearum,
699 2104 894 2170 observantior,
913 2105 1003 2182 quiin
1016 2127 1044 2164 re
1056 2106 1118 2165 bib·

147 2206 315 2288 liographici
338 2209 417 2284 plane
439 2206 535 2282 hospes
554 2220 583 2263 et
609 2204 682 2263 rudis
698 2204 788 2262 essem.
828 2203 969 2282 Quoiam
984 2207 1047 2263 verb
1060 2226 1117 2265 non

148 2328 239 2365 meum
252 2322 320 2374 erat,
339 2307 413 2384 quod
429 2305 566 2364 Fundaror
576 2304 693 2381 publicar
706 2302 820 2362 utilitati
833 2302 948 2372 dicavit,
966 2304 996 2362 id
1006 2305 1118 2382 publico

147 2408 279 2474 invidere,
299 2405 451 2483 posthabiti
470 2405 596 2463 modestii
611 2403 780 2481 importuni,
800 2425 881 2481 quam
896 2406 1004 2464 mallem
1015 2427 1116 2484 oppor-

147 2524 241 2567 tunam
264 2526 372 2573 vocare,
393 2525 498 2563 mecum
520 2505 626 2563 decrevi
641 2520 697 2561 ram
712 2504 773 2562 utili
786 2503 908 2563 insiituto
922 2525 971 2581 pro
984 2506 1057 2564 virili
1070 2507 1113 2565 in·
1166 2529 1169 2535 ·

144 2608 282 2668 cumbere.
322 2605 397 2663 lluic
419 2622 508 2662 tamen
529 2605 638 2662 decreto
661 2625 695 2662 ne
717 2620 772 2663 tarn
792 2603 918 2664 instanter
930 2603 1109 2666 satisfacerem

144 2711 228 2787 quam
251 2705 339 2772 volui,
367 2705 488 2763 obllabat
507 2703 556 2761 illa
578 2704 663 2781 prior,
687 2724 738 2762 nec
759 2703 848 2767 facilis
869 2723 942 2762 cura.
982 2704 1109 2764 Notandi

143 2811 218 2869 enim
238 2823 313 2866 erant
334 2806 362 2863 in
382 2805 525 2882 Catalogis
541 2803 603 2862 libri
624 2802 831 2881 quamplurimi,
848 2804 895 2882 qui
913 2803 977 2868 hinc
990 2804 1066 2864 illinc
1081 2808 1110 2864 in

147 2906 318 2969 Bibliotheca
341 2904 478 2963 latitantes
498 2925 562 2962 cum
592 2904 700 2970 oculor,
734 2918 909 2963 rummanue
931 2906 1113 2984 effugiebant,

145 3026 177 3070 ut
212 3010 300 3090 primo
334 3007 505 3085 perfectiores
530 3005 692 3072 evaderent;
735 3002 833 3063 deinde
859 3004 887 3062 in
913 3005 1019 3064 sorulor
1043 3006 1108 3065 suos

143 3109 305 3189 colligendi,
325 3111 380 3187 qub
400 3105 520 3173 facilius,
541 3118 641 3182 quanta
660 3103 721 3161 effer
744 3104 772 3162 in
794 3104 956 3182 uniquique
975 3106 1107 3165 facultate

142 3212 274 3289 supellex,
295 3208 482 3266 innotesceret.
522 3205 588 3262 lloc
610 3219 698 3262 tamen
709 3207 744 3261 nb
771 3205 856 3272 fieret,
877 3204 973 3282 sapius
998 3220 1110 3284 propter

142 3308 288 3369 numerum
306 3308 477 3380 formamque
499 3304 573 3362 suam
593 3304 733 3381 prohibuit
758 3306 877 3384 angustia
895 3306 968 3375 loci;
989 3309 1035 3385 qui
1050 3311 1108 3366 tim
1150 3313 1153 3318 '

140 3411 234 3488 inique
258 3407 322 3467 huic
335 3428 389 3484 prae
411 3404 453 3463 illi
476 3403 599 3462 facultati
622 3404 752 3483 contigit,
774 3421 804 3462 ut
829 3405 891 3463 libri
904 3408 1057 3484 complures
1078 3407 1108 3465 in

140 3509 255 3588 propriis
268 3507 335 3567 loeis
359 3506 452 3565 sruslri
464 3519 655 3583 quaererentur,
674 3518 702 3562 et
715 3503 806 3562 videre
817 3506 880 3563 esset
894 3504 1036 3564 hlerlicum
1060 3505 1106 3565 sut

137 3612 200 3670 sede
211 3611 367 3668 destitutum
380 3604 530 3682 Jurisperiti
540 3603 617 3663 lateri
630 3603 774 3670 adhaerere,
795 3603 891 3662 Poetae
905 3625 968 3663 eum
994 3606 1104 3664 Mathe-

139 3711 257 3777 maticis,
276 3705 489 3766 Mathematicus
507 3724 570 3761 eum
586 3702 728 3762 Historicis
749 3701 909 3762 societatem
931 3703 1011 3771 inire,
1032 3705 1106 3764 sacra

137 3810 254 3888 denique
267 3829 329 3867 curn
339 3805 458 3885 profanis
470 3803 658 3872 commisceri,
679 3817 710 3861 ut
721 3823 778 3861 non
792 3817 882 3860 mente
895 3801 985 3860 solum
1005 3818 1105 3862 notan-

136 3914 200 3982 dur,
218 3909 265 3970 led
282 3928 362 3968 manu
381 3904 532 3967 movendus
554 3904 617 3963 effet
639 3902 819 3982 unusquisque
842 3901 1004 3961 errabundus
1027 3903 1105 3961 liber.

1052 4003 1106 4060 Sed
