2744 5160
500 474 851 535 PRAEFATIO.
1139 473 1170 535 ix

193 670 216 701 “
236 674 369 739 exponat3
390 663 461 721 unde
475 678 569 739 ptaeter
585 663 711 732 Aetheris,
731 665 852 731 Edr'torr‘s,
872 662 1019 737 Interpretis
1039 659 1164 729 nomine,

192 773 213 798 ‘⁴
236 783 291 821 uno
303 763 380 821 limul
393 763 495 821 intuitu
509 778 611 840 pateat,
630 765 665 822 de
678 788 722 843 quo
733 779 889 842 argumento,
909 777 937 819 ct
950 765 999 840 quei
1013 759 1103 839 linguei
1117 760 1162 818 su·

191 872 214 897 ‘¹
234 861 285 919 erit
305 863 429 939 scriptus,
449 887 494 942 quo
513 862 571 929 loco,
591 887 636 941 quo
657 864 816 942 typographo,
836 886 880 942 quo
902 862 1053 918 charasseris
1061 883 1165 939 genere,

195 970 218 999 “
238 965 356 1040 quoadque
375 961 496 1019 editione
509 962 670 1038 prodierit.''
711 964 782 1020 Hanc
796 963 854 1028 ille,
873 973 901 1018 et
914 963 997 1038 quim
1010 961 1079 1017 bene
1093 960 1166 1017 dicta

196 1060 260 1128 fint,
279 1061 368 1118 omnis
387 1061 483 1119 dusius
503 1061 680 1140 indusiusque
693 1062 793 1120 assensu
811 1060 983 1120 confirmabit
998 1060 1057 1119 suo.
1097 1060 1168 1119 Non

196 1161 269 1219 enim
281 1162 392 1218 nomina
405 1161 537 1220 librorum
550 1161 709 1228 describere,
730 1163 782 1219 hoc
795 1162 832 1218 est
842 1161 1010 1238 Catalogum
1024 1158 1167 1219 conficere.

197 1260 315 1319 Accedit
328 1262 463 1319 necellitas
485 1260 636 1318 Historiam
660 1261 805 1319 literarium
833 1275 892 1318 tum
919 1259 1086 1327 Hominum,
1106 1273 1167 1316 tum

196 1359 341 1421 Librorum
355 1359 463 1418 modice
477 1360 571 1417 saltem
583 1360 702 1418 tenendi.
743 1360 847 1441 Qanti
868 1360 901 1418 sit
913 1360 1047 1418 momenti
1059 1361 1167 1417 Audio·

196 1478 261 1538 tum
271 1458 391 1518 Historia
403 1459 438 1518 ad
450 1460 581 1518 librorum
594 1461 704 1518 suorum
719 1460 859 1528 notitiam,
880 1480 960 1517 nemo
974 1458 1077 1516 inficias
1102 1458 1168 1526 ibit,

196 1559 243 1638 qui
254 1560 398 1618 vultsuum
406 1561 503 1638 cuique
511 1561 561 1618 else
571 1560 702 1618 tributum
709 1584 718 1629 ;
734 1576 763 1618 ut
774 1558 915 1636 anonymis
924 1556 1169 1636 pseudonymisq'ue

193 1659 241 1717 sua
253 1659 378 1727 uomina,
398 1660 544 1718 nominatis
566 1659 607 1717 sui
628 1659 690 1717 libri
704 1663 774 1719 redii
789 1660 944 1717 reddantur.
987 1659 1084 1725 Porri),
1106 1661 1165 1715 tim

193 1760 345 1838 frequenter
355 1760 384 1817 in
398 1761 530 1818 Ausiores
551 1760 670 1836 ejusdem
684 1760 803 1818 nominis
813 1759 970 1826 incidimus,
991 1774 1021 1816 ut
1034 1758 1162 1835 patriam,

196 1879 305 1925 munus,
319 1860 337 1916 fi
351 1859 426 1936 quod
440 1859 549 1925 obierit,
570 1879 723 1933 prenomen
735 1860 892 1936 cujusquam
906 1856 1057 1925 nescivisse3
1072 1857 1166 1915 omnia

200 1961 242 2018 vel
253 1980 336 2018 unum
351 1960 475 2026 omisisse,
496 1956 683 2016 incredibilem
697 1959 760 2016 sane
772 1958 920 2016 molelliam
934 1955 1053 2015 studioso
1065 1954 1169 2034 saepiffi·

200 2060 244 2117 me
259 2071 340 2117 creet.
382 2059 476 2136 Quam
490 2059 549 2116 rard
562 2076 729 2133 praenomen,
749 2056 778 2114 id
791 2057 917 2134 intelligo
929 2057 1016 2134 qnod,
1036 2071 1067 2115 ut
1084 2057 1171 2136 vulgi>

196 2157 313 2219 dicimus
326 2157 462 2236 baptismo
488 2157 629 2234 accepire,
650 2156 832 2225 Anthoribua,
851 2156 1167 2224 Commentatonbusve,

202 2257 320 2317 Gallicis
332 2257 478 2335 presertim
492 2257 632 2335 prefixum
652 2256 702 2315 est!
723 2257 792 2315 adeo
808 2268 849 2324 ut,
869 2255 918 2314 nifi
942 2255 1067 2325 literatis,
1085 2258 1171 2315 lateat

196 2356 274 2434 eujus
301 2356 335 2414 fit
361 2357 427 2425 hoc,
451 2357 496 2416 vel
517 2356 587 2414 illud
599 2376 682 2433 opus:
703 2357 778 2434 quod
801 2356 897 2435 igitur,
930 2357 1003 2415 libro
1028 2357 1088 2435 ipso
1112 2377 1171 2416 non

194 2455 346 2523 indicante,
366 2459 382 2514 ἑ
403 2455 614 2514 Commentariis
627 2455 762 2524 litorariis,
783 2455 965 2534 scriptoribus
977 2471 1168 2535 contempora·

197 2555 271 2623 neia,
290 2554 432 2613 Lexicisue
449 2555 632 2633 biographicis
652 2556 787 2615 laboriose
800 2557 949 2633 petendum
961 2558 1014 2627 cfl3
1032 2577 1121 2637 neque
1133 2577 1168 2617 ex

197 2654 240 2713 his
249 2653 371 2732 quidem,
391 2653 440 2712 nifi
454 2653 526 2713 sorte
537 2654 638 2712 samam
653 2655 754 2713 meritis
767 2656 918 2715 extenderit
941 2660 1045 2724 artior,
1064 2659 1170 2736 semper

197 2753 402 2832 expiscandum.
442 2756 508 2833 Qii
521 2756 563 2822 lit,
577 2768 608 2811 ut
617 2755 798 2831 periculosum
816 2755 898 2813 suerit
914 2776 969 2814 rem
993 2756 1076 2815 etiam
1089 2757 1170 2816 levis·

202 2854 298 2914 fimam
320 2853 469 2930 aliquando
491 2853 617 2920 omisisse,
635 2873 699 2911 cum
721 2854 822 2912 nescias
842 2855 871 2912 in
890 2854 1067 2914 describendo
1087 2855 1170 2923 libro,

201 2955 345 3031 quatenus,
365 2966 393 3010 et
413 2954 495 3029 quim
509 2953 627 3009 multiim
641 2953 729 3010 valeat
750 2953 784 3010 ad
803 2972 865 3011 eum
880 2953 930 3013 rite
945 2953 1170 3032 dignoscendum.

200 3055 249 3114 Ne
261 3054 373 3132 objiciat
386 3055 432 3113 hie
443 3053 510 3111 mihi
520 3052 629 3130 aliquis,
651 3072 693 3109 me
707 3073 762 3111 non
776 3059 900 3113 accurate
914 3055 983 3112 hane
994 3057 1114 3134 regulam
1126 3054 1170 3133 ip·

198 3154 258 3213 sum
284 3154 407 3211 secutum
430 3151 491 3218 esse,
511 3150 607 3228 saepiiis
632 3166 660 3209 et
681 3152 851 3231 diligentius,
872 3155 971 3222 fateor,
991 3155 1128 3225 secuturo,
1148 3156 1169 3214 li

200 3257 335 3329 quantum
349 3252 407 3310 haec
420 3271 460 3310 res
474 3251 588 3318 intersit,
608 3251 802 3327 praescivissem.
841 3256 925 3333 Qrod
936 3256 970 3312 ad
984 3255 1115 3314 librorum
1127 3270 1170 3315 at-

199 3352 270 3413 tinet
283 3350 423 3419 notitiam,
443 3350 576 3428 quisnam,
586 3370 692 3427 precor,
712 3351 758 3429 qui
770 3353 839 3411 hanc
860 3355 909 3429 prii
919 3354 1053 3431 dignitate
1067 3354 1170 3432 usuque

197 3449 381 3518 suoaellimat,
401 3449 510 3528 ignorat
532 3450 664 3507 curiosam
680 3450 754 3508 iliam
767 3467 848 3530 atque
861 3452 968 3510 anxiam
993 3468 1051 3510 ium
1074 3454 1171 3523 animi,

200 3567 261 3611 tum
273 3550 416 3609 oculorum
430 3548 608 3607 attentionem
618 3551 653 3606 ad
664 3570 760 3617 annos,
781 3552 815 3608 ad
828 3552 916 3616 locos,
939 3552 973 3607 ad
986 3553 1171 3629 typographos

200 3650 328 3727 denique,
348 3647 395 3707 ubi
405 3665 573 3725 comparent,
594 3648 641 3706 ubi
653 3669 720 3716 non,
741 3649 906 3707 laboriosum
918 3651 1013 3726 plane,
1034 3652 1170 3728 ingratum

200 3753 303 3829 semper
322 3765 349 3807 et
363 3750 547 3826 importunum
559 3770 638 3826 opus,
652 3771 707 3826 quo
721 3749 821 3807 notitia
830 3749 878 3807 illa
892 3753 947 3807 tim
959 3750 1097 3807 necessaria
1110 3771 1171 3809 eru·

199 3853 270 3910 enda
284 3853 320 3910 ell
334 3850 447 3919 elisiis,
467 3850 513 3927 qui
525 3849 659 3925 ejusmodi
678 3865 837 3926 argumenta
849 3869 884 3907 ex
905 3849 1022 3924 proseslo
1036 3851 1171 3907 traslant?

198 3952 290 4030 Qam
303 3949 419 4028 plurima
443 3949 575 4010 librorum
600 3946 681 4026 eopia
702 3947 856 4009 devoranda
877 3962 906 4008 et
928 3948 1097 4009 devolvenda
1119 3952 1168 4018 eli,

1068 4065 1169 4126 quanta
