2744 5160
272 906 322 968 viii
577 910 967 971 PRAEFATIO.·

275 1095 329 1153 Sed
343 1094 471 1154 ubinam?
484 1115 539 1155 non
551 1099 665 1174 ampliata
675 1099 748 1157 enim
760 1100 861 1179 fingula
873 1100 955 1158 libros
964 1099 1026 1159 suos
1041 1098 1137 1158 scrinia
1151 1108 1253 1175 capere

276 1210 435 1272 potuerunt.
475 1197 587 1255 Necesse
598 1215 654 1255 erat
667 1198 762 1276 igitur,
784 1214 825 1268 ut,
845 1200 979 1259 veteribus
990 1199 1093 1258 scriniis
1107 1198 1134 1255 in
1153 1197 1247 1255 altitu-

277 1294 371 1353 dinem
383 1295 494 1363 evenis,
513 1296 674 1355 adderentur
698 1299 823 1377 utrinque
840 1299 935 1367 foruli,
956 1300 1014 1377 qui,
1034 1313 1114 1376 prout
1141 1297 1249 1356 oeeafio

278 1395 434 1471 postularet,
455 1395 538 1454 libros
548 1397 713 1473 exciperent,
727 1414 755 1456 et
766 1399 926 1476 vagantibus
936 1399 1026 1455 sedern
1039 1398 1109 1454 inter
1123 1396 1250 1455 concives

281 1495 385 1561 darent.
426 1496 468 1553 Hi
488 1496 570 1555 foruli
588 1499 747 1576 plerumque
759 1499 870 1557 minoris
891 1498 986 1556 sormae
999 1498 1072 1565 sunt,
1094 1514 1124 1554 ut
1138 1496 1183 1553 ubi
1198 1493 1250 1552 mi·

280 1593 386 1652 nusculi
397 1593 470 1662 libri,
483 1596 557 1672 quod
569 1597 690 1672 plurimis
703 1597 815 1666 accidit,
837 1619 962 1676 magnam
976 1617 1069 1655 eorum
1081 1611 1184 1672 partem
1197 1593 1251 1651 int-

281 1693 405 1770 plebant,
425 1692 593 1773 spatiumque
616 1695 779 1755 invadebant
804 1697 993 1776 grandioribus
1013 1673 1187 1762 destinatum,
1211 1691 1252 1751 ibi

282 1793 414 1855 auxilium
427 1794 582 1873 praesentius
596 1797 703 1855 adesset.

323 1991 404 2054 Facta
413 1997 460 2064 ett,
474 2000 604 2074 quanttltn
616 1997 682 2056 milti
697 2011 762 2056 tunc
773 1998 901 2074 temporis
910 1996 1021 2064 licebat,
1036 1995 1156 2053 instituta
1166 1992 1252 2055 distri·

285 2093 379 2163 butio;
399 2110 426 2153 et
441 2111 498 2154 tunt
519 2097 637 2174 denique
655 2112 685 2155 ut
709 2099 799 2155 alterae
812 2118 882 2154 curae
896 2097 1016 2154 animum
1028 2114 1192 2172 manumque
1205 2094 1254 2151 ad·

287 2193 420 2262 biberem,
442 2196 573 2273 meipsum
585 2198 688 2255 sirenud
703 2196 873 2254 adhortabar.
915 2197 985 2254 Haee
996 2196 1079 2274 igitur
1090 2195 1164 2252 illam
1174 2212 1255 2252 exee-

286 2292 349 2371 pit;
369 2298 452 2372 quarn
475 2294 554 2354 bonis
577 2295 702 2372 auspiciis
725 2294 831 2354 leeloris
852 2297 887 2354 eli
909 2295 1042 2372 judicate,
1062 2294 1109 2371 qui
1133 2288 1255 2350 inusitati

287 2393 375 2470 operis
387 2414 487 2452 errores
504 2394 632 2453 benevole
646 2395 823 2453 condonabit.
865 2396 919 2452 Res
932 2393 1057 2471 equidem
1077 2408 1145 2456 erat.
1167 2406 1195 2448 ut
1209 2410 1257 2447 ex-

287 2493 420 2570 perientia
433 2494 561 2561 docebat,
583 2515 637 2552 non
650 2496 727 2552 unius
742 2496 885 2562 momenti,
906 2515 955 2551 nec
969 2494 1046 2550 unius
1060 2491 1259 2559 anni‚s1fidem

289 2594 336 2651 Cl.
356 2594 440 2671 Hyde
454 2595 610 2662 habeamus,
631 2596 676 2672 qui
692 2597 718 2652 se
732 2595 910 2653 Bibliothecae
932 2592 1086 2650 Bodleiano
1107 2592 1260 2668 Catalogo,

288 2693 384 2772 illique
399 2701 506 2753 tantum
523 2696 708 2771 alphabetico,
718 2715 804 2753 anuos
819 2693 997 2752 novendecim
1015 2693 1177 2768 insumpfille
1188 2692 1259 2749 sate·

289 2809 344 2852 tur.
386 2794 461 2851 Nam
475 2810 505 2852 ut
520 2795 697 2851 Hibliotheeae
709 2795 858 2871 Catalogus
876 2792 1068 2850 describeretur
1091 2812 1146 2849 non
1169 2791 1260 2849 solum

291 2893 416 2951 Nomina
429 2909 553 2951 autorum
567 2895 661 2951 ordine
674 2893 857 2969 alphabetico,
871 2890 1011 2949 sedetiam
1024 2891 1170 2948 secundtim
1185 2889 1261 2947 varia

292 2993 339 3051 sua
349 3008 506 3069 argumenta
519 2993 546 3049 in
558 2992 643 3050 varias
657 2993 746 3049 classes
759 2991 982 3068 voluminumque
994 2991 1092 3047 formas
1104 2989 1261 3046 minutatim

290 3091 447 3167 disponens,
470 3113 508 3150 tes
523 3092 577 3168 ipsa
591 3092 754 3169 postulabat,
775 3107 805 3149 ut
819 3092 914 3150 eidem
928 3091 1020 3167 operi,
1040 3106 1067 3148 et
1081 3112 1141 3166 quae
1164 3090 1261 3167 suppe-

291 3190 421 3258 ditamus,
442 3206 470 3249 ct
482 3192 579 3269 quibus
592 3193 757 3271 indigemus,
777 3191 894 3250 studioso
907 3190 1001 3249 lettori
1019 3190 1100 3248 facile
1124 3204 1262 3265 appareat.

293 3293 364 3349 llaec
378 3303 398 3327 ‘⁴
411 3292 540 3371 Catalogi
553 3293 714 3350 conficiendi
724 3294 807 3349 cuta''
819 3292 910 3369 (verba
921 3290 981 3348 sunt
992 3290 1160 3348 Middletoni
1174 3290 1202 3346 in
1214 3289 1262 3348 suit

291 3390 470 3450 Bibliotheca
491 3393 719 3471 Cantabrigicnsrs
739 3392 896 3450 ordinanda
917 3390 1059 3457 methodo,
1080 3392 1107 3448 in
1128 3391 1182 3469 qui
1196 3393 1259 3468 plu·

293 3491 446 3566 raejusdem
456 3493 607 3570 argumenti
619 3494 690 3551 leslu
700 3492 850 3570 dignillima
863 3491 983 3564 videsis),
1003 3503 1024 3530 “
1042 3513 1081 3550 res
1092 3492 1154 3551 sane
1170 3490 1264 3570 magni

295 3599 317 3626 “
339 3590 483 3656 momenti,
507 3591 640 3668 multique
653 3592 755 3650 sudoris
761 3617 769 3661 ;
790 3614 845 3650 non
859 3596 959 3650 temere
970 3591 1113 3650 enimcum
1126 3608 1207 3669 atque
1220 3592 1265 3650 os·

296 3700 318 3726 ‘¹
339 3690 454 3747 citanter
467 3688 569 3747 institui
591 3691 823 3768 (quotidianorum
836 3694 1033 3770 Catalogorum
1048 3692 1083 3749 ad
1106 3692 1195 3760 instat,
1216 3691 1265 3749 ubi

296 3801 319 3829 ‘¹
340 3790 541 3857 multaomiffa,
561 3805 589 3846 et
603 3790 716 3847 confusa
730 3791 823 3849 omnia
843 3792 992 3865 videamus)
1014 3791 1058 3848 sed
1078 3791 1224 3867 diligenter
1236 3803 1266 3847 et

297 3901 320 3928 “
341 3894 465 3948 accurate
479 3889 594 3947 describi
604 3889 685 3947 velim
696 3914 704 3957 3
726 3904 756 3947 ut
768 3891 919 3947 Bibliotheca}
929 3890 988 3958 illa,
1008 3892 1084 3967 eujus
1095 3891 1221 3949 notitiam
1233 3892 1266 3949 stt

297 3999 320 4029 “
341 3990 520 4057 exhibiturus,
540 3989 637 4066 dignus
650 3990 730 4064 plane
745 3990 905 4066 reperiatur:
927 3991 959 4047 ln
973 3989 1092 4067 Catalogo
1109 4004 1199 4048 autem
1214 4014 1267 4046 rec-

296 4101 320 4126 “
341 4093 366 4147 tc*
380 4092 486 4162 instituto
499 4088 708 4166 uniuscujusque
720 4088 783 4146 libri
795 4088 941 4165 historiolam
954 4094 1077 4166 quandam
1091 4091 1265 4167 requirimus,

298 4200 321 4231 ⁴⁶
342 4209 402 4266 quae
415 4188 517 4267 singula
528 4189 561 4246 ad
574 4208 637 4246 eum
650 4187 863 4266 dignoscendum
875 4205 957 4267 atque
979 4193 996 4248 a
1015 4189 1117 4249 caeteria
1139 4191 1267 4250 omnibus

299 4300 322 4334 t‘
343 4288 559 4369 distinguendum
573 4289 714 4348 necessaria
734 4292 816 4368 quam
836 4287 966 4360 brevitet,
986 4291 1124 4368 quamque
1145 4289 1267 4349 dilucide

1083 4399 1105 4426 ‘⁴
1125 4402 1255 4469 exponat3
